=LDR  03054cas a2200781 i 4500
=001  019592369
=003  Uk
=005  20221130161015.0
=006  m\\\\\|\\d\|\\\\\\
=007  cr\|||||||||||
=008  191031c20199999enk\x\p\o\\\\\0\\\a0eng\\
=FMT  \\$a  SE
=015  \\$aGBB9H8165$2bnb
=022  \\$a2689-3711$y1478-1239
=037  \\$aISSN_14781239$bPortico$nWiley
=037  3\$aISSN_14781239_33$bPortico$nHindawi
=040  \\$aUk$beng$cUk$dUk$erda
=042  \\$aukblsr
=082  04$a616.33$223
=222  \0$aGastroHep
=245  00$aGastroHep :$ban international journal of gestroenterology and hepatology.
=264  \1$a[New York City] :$bWiley,$c2019-
=264  31$32022-$a[London] :$bHindawi
=300  \\$billustrations (black and white)
=310  \\$aFrequency of update varies,$b2022-
=321  \\$aBimonthly,$b1919-2021
=336  \\$atext$2rdacontent
=337  \\$acomputer$2rdamedia
=338  \\$aonline resource$2rdacarrier
=362  0\$aVolume 1, issue 1 (January 2019)-
=500  \\$aTitle from PDF cover (Wiley Online Library, viewed October 31, 2019).
=515  \\$aArticles added throughout the year and compiled into annual volumes.
=588  \\$aLatest issue consulted: volume 2022, article ID 1298703 (viewed November 30, 2022).
=540  \\$aCurrent Copyright Fee: GBP39.00$c35\0$5Uk
=650  \0$aGastroenterology$vPeriodicals.
=650  \0$aHepatology$vPeriodicals.
=856  40$32019-2021$uhttps://onlinelibrary.wiley.com/loi/14781239
=856  40$32022-$uhttps://www.hindawi.com/journals/ghep/
=859  \\$aELD$bejournal
=852  41$aBritish Library$bHMNTS$jELD Digital store$3Volume 1:Issue 1(2019)-
=852  \\$aBritish Library$bDSC$j4089.036000$3Volume 3:Issue 1(2021)-Volume 3:Issue 7(2021)
=945  \\$aGastroHep.
=985  \\$aDO NOT CONFUSE WITH GASTROHEP.COM, A DIGEST WEBSITE ON #012909334
=985  \\$aISSN responsibility decision pending 30/11/22.
=CAT  \\$a8124$b40$c20191031$lBLL01$h1018
=CAT  \\$a14586$b40$c20191122$lBLL01$h1227
=CAT  \\$a5552$b40$c20191122$lBLL01$h1430
=CAT  \\$a5410$b40$c20191125$lBLL01$h1532
=CAT  \\$aR1911-0245$c20191127$lBLL01$h0944
=CAT  \\$aR1911-0245$c20191127$lBLL01$h1045
=CAT  \\$a5410$b40$c20191209$lBLL01$h1056
=CAT  \\$aIPL-CLA$c20191231$lBLL01$h2046
=CAT  \\$a12654$b40$c20210204$lBLL01$h1217
=CAT  \\$a10806$b40$c20210622$lBLL01$h1259
=CAT  \\$a9667$b40$c20220324$lBLL01$h1254
=CAT  \\$a14586$b40$c20220704$lBLL01$h1814
=CAT  \\$a14586$b40$c20220704$lBLL01$h1816
=CAT  \\$a10969$b40$c20221130$lBLL01$h1554
=CAT  \\$a10969$b40$c20221130$lBLL01$h1558
=CAT  \\$a10969$b40$c20221130$lBLL01$h1610
=CFI  0\$aCurrent Copyright Fee: GBP39.00$c35\0$e01-jan-2020$fGBP39.00$g0$hP$5Uk
=CFI  2\$aPrevious copyright fee: GBP28.00$c35\0$e22-nov-2019$fGBP28.00$g0$hP$5Uk
=FFP  \\$aY$bBLDSS-3PM
=FIN  \\$aY$d20191031
=LET  \0$aGastroHep (Electronic)
=TOC  \\$aETOC
=UNO  \\$aY
=LAS  \\$a10969$b40$c20221130$lBLL01$h1610

