=LDR  03438cas a2200769 a 4500
=001  007198387
=003  Uk
=005  20171127131625.0
=006  m\\\\\\\\d\|\\\\\\
=007  cr||||||||||||
=008  031030c19859999enkwr\p\s\\\\\0\\\a0eng\\
=FMT  \\$a  SE
=015  \\$aGBA377442$2bnb
=022  \\$y8756-3037
=040  \\$aUk$cUk$dUk
=082  04$a338.2728509705$221
=130  0\$aNatural gas week (Online)
=245  10$aNatural gas week$h[electronic resource].
=246  1\$iIncludes monthly supplement:$aNatural gas week.$pMonthly bidweek report$f<volume 33, number 41 (October 2, 2017)>-
=260  \\$aNew York, N.Y. ;$a[London] :$bEnergy Intelligence Group
=310  \\$aWeekly
=336  \\$atext$2rdacontent
=337  \\$acomputer$2rdamedia
=338  \\$aonline resource$2rdacarrier
=362  1\$aPrint began with v. 1, no. 1 (Jan. 7, 1985).
=500  \\$aTitle from caption.
=500  \\$aDescription based on: Vol.17, no.50 (Dec.10 2001).
=515  \\$aSupplement shares the volume numbering of the next issue of main title, e.g. volume 33, number 46 (November 1, 2017) is followed by: Natural gas week, volume 33, number 46 (November 6, 2017).
=530  \\$aAlso issued in print.
=500  \\$aSupplement "contains tables for Bidweek Prices, Monthly Weighted Averages, Composite Spot Wellhead Prices, Composite Spot Delivered-To-Pipeline Prices, and City Gate Prices, as well as market analysis and commentary putting Energy Intelligence's bid-week price assessments and related data in context". This data and analysis is also republished as part of the next issue of NGW - email, sent 2 October 2017.
=538  \\$aMode of access: World Wide Web.
=538  \\$aMode of access: email in PDF format and World Wide Web.
=588  \\$aLatest issue consulted: volume 33, no. 41 (October 2, 2017).
=650  \0$aGas industry$zNorth America$vPeriodicals.
=650  \0$aNatural gas$xPrices$zNorth America$vPeriodicals.
=690  7\$aManagement and Business Studies$2blcoll
=710  2\$aEnergy Intelligence Group.
=776  1\$tNatural gas week$x8756-3037
=856  40$uhttp://www.energyintel.com$zTo subscribe
=886  2\$2ukmarc$a910$b20$aEIG$xSee$aEnergy Intelligence Group$z710
=859  \\$aELD$bejournal
=852  41$aBritish Library$bHMNTS$jELD Digital store$3(2013:Apr. 15)-
=852  41$aBritish Library$bHMNTS$jSRIS DIGITALSTORE
=A02  \\$a1451645$z51645
=CAT  \\$aCONV$b00$c20040425$lBLL90$h0713
=CAT  \\$aCONV$b00$c20040502$lBLL01$h1212
=CAT  \\$a11249$b40$c20050408$lBLL01$h0907
=CAT  \\$aBATCH$b00$c20091207$lBLL01$h0418
=CAT  \\$aBATCH$b00$c20091214$lBLL01$h0223
=CAT  \\$aBATCH$b00$c20091216$lBLL01$h0042
=CAT  \\$a3072$b40$c20100616$lBLL01$h1527
=CAT  \\$a11433$b40$c20130423$lBLL01$h1635
=CAT  \\$aBATCH-MBS$c20130426$lBLL01$h2115
=CAT  \\$aWR13.114$c20130717$lBLL01$h1312
=CAT  \\$aWR14_072$c20140608$lBLL01$h1425
=CAT  \\$aWR14_140$c20140905$lBLL01$h1714
=CAT  \\$aWR15_120$c20150910$lBLL01$h1824
=CAT  \\$a3072$b40$c20171127$lBLL01$h1314
=CAT  \\$a3072$b40$c20171127$lBLL01$h1316
=CAT  \\$aW1711-1005$c20171205$lBLL01$h2210
=FIN  \\$aY
=LEO  \\$aMP5.0000027155
=LET  \0$aNatural gas week (email)
=SRC  \\$aDSS03$bbibsr.200404.2.aa
=SRC  \\$aBNB03$bbibmp5.200404.2.aa
=TCO  \\$aCLA$bCLA$c008
=LAS  \\$aW1711-1005$b00$c20171205$lBLL01$h2210

