=LDR  02217cas a2200601 i 4500
=001  019279089
=003  Uk
=005  20190502152732.0
=006  m\\\\\o\\d\\\\\\\\
=007  cr\|||||||||||
=008  131120d20132014ua\uu\p\o\\\\\0\\\a0eng\c
=FMT  \\$a  SE
=010  \\$a  2014238838
=016  7\$a2760406-8$2DE-600
=016  7\$a2760406-8$2de-600
=022  \\$a2314-6508
=035  \\$a(OCoLC)863854973$z(OCoLC)870990158$z(OCoLC)895736050$z(OCoLC)980013485$z(OCoLC)990747308$z(OCoLC)993922440
=037  \\$aISSN_23146508$bPortico$nHindawi
=040  \\$aCNCGM$beng$cCNCGM$dDEBBG$dIUL$dOCLCQ$dOCLCF$dCUD$dDLC$dCUS$dUk$erda$epn
=042  \\$aukblsr
=050  00$aTP934
=050  14$aTP934$b.J68
=082  04$a667.9$223
=210  0\$aJ. coat.$b(Online)
=222  \0$aJournal of coatings$b(Online)
=245  00$aJournal of coatings.
=264  \1$aCairo :$bHindawi Publishing Corporation
=300  \\$a1 online resource
=336  \\$atext$2rdacontent
=337  \\$acomputer$2rdamedia
=338  \\$aonline resource$2rdacarrier
=362  1\$aBegan in 2012; ceased in 2014.
=515  \\$aArticles added consecutively to current annual volume.
=588  \\$aDescription based on: Volume 2013; title from journal home page (publisher's Web site, viewed October 14, 2014).
=588  \\$aLatest issue consulted: Volume 2014 (publisher's Web site,viewed April 26, 2016).
=650  \0$aCoatings$vPeriodicals.
=650  \0$aPaint$vPeriodicals.
=650  \7$aCoatings.$2fast$0(OCoLC)fst00865859
=650  \7$aPaint.$2fast$0(OCoLC)fst01050433
=655  \7$aPeriodicals.$2fast$0(OCoLC)fst01411641
=655  \0$aElectronic journals.
=710  2\$aHindawi Publishing Corporation,$eissuing body.
=776  08$iPrint version:$tJournal of coatings$x2356-7236
=859  \\$aELD$bejournal
=856  40$uhttps://www.hindawi.com/archive/
=852  41$aBritish Library$bHMNTS$jELD Digital store$3Volume 2013(2013)-Volume 2014(2014)
=852  41$aBritish Library$bOC$jYP.2019.a.3112
=CAT  \\$a10902$b40$c20190304$lBLL01$h1126
=CAT  \\$a10806$b40$c20190502$lBLL01$h1527
=FIN  \\$aY$d20190502
=MNI  \\$a2356-7236
=SID  \\$aZ39$bOCLC
=LAS  \\$a10806$b40$c20190502$lBLL01$h1527

