=LDR  03195cas a2200769 i 4500
=001  017748264
=003  Uk
=005  20221231145408.0
=006  m\\\\\|\\d\|\\\\\\
=007  cr\|||||||||||
=008  160223c20169999njuqr\p\o\\\\\0\\\a0eng\\
=FMT  \\$a  SE
=015  \\$aGBB685386$2bnb
=022  \\$a2379-6154
=037  \\$aISSN_23796154$bPortico$nWiley
=040  \\$aUk$beng$cUk$erda
=042  \\$aukblsr
=082  04$a371.3$223
=222  \4$aThe journal of competency-based education
=245  04$aThe journal of competency-based education.
=264  \1$aHoboken, NJ :$bWiley Periodicals LLC,$c2016-
=310  \\$aQuarterly
=336  \\$atext$2rdacontent
=337  \\$acomputer$2rdamedia
=338  \\$aonline resource$2rdacarrier
=362  0\$aVolume 1, issue 1 (April 2016)-
=500  \\$aTitle from PDF cover (Wiley Online Library, viewed June 24, 2016).
=588  \\$aLatest issue consulted: volume 6, issue 4 (December 2021) (viewed January 28, 2022).
=540  \\$aCurrent Copyright Fee: GBP25.00$c0$5Uk
=650  \0$aCompetency-based education$vPeriodicals.
=856  40$uhttp://onlinelibrary.wiley.com/journal/10.1002/(ISSN)2379-6154
=859  \\$aELD$bejournal
=852  \\$aBritish Library$bDSC$j4963.386000$3Volume 1:Issue 1(2016)-Volume 6:Issue 4(2021)***See ESTAR for full holdings.
=852  41$aBritish Library$bHMNTS$jELD Digital store$3Volume 1:Issue 1(2016)-Volume 6:Issue 4(2021)
=945  \\$aJournal of competency based education.
=985  \\$aISSN UK: May have ceased with 6/4 (2021). Please close if confirmed (Richard, 28/01/22)
=CAT  \\$a14448$b40$c20160223$lBLL01$h1142
=CAT  \\$a12654$b40$c20160304$lBLL01$h1125
=CAT  \\$aBLDSS-3PM$b00$c20160308$lBLL01$h0937
=CAT  \\$aBATCH-UPD$b00$c20160413$lBLL01$h1830
=CAT  \\$aBATCH-UPD$b00$c20160610$lBLL01$h1040
=CAT  \\$a10806$b40$c20160624$lBLL01$h1347
=CAT  \\$aW1711-1005$c20171206$lBLL01$h1829
=CAT  \\$aBATCH-UPD$b00$c20180219$lBLL01$h1757
=CAT  \\$aBATCH-UPD$b00$c20181121$lBLL01$h1627
=CAT  \\$aIPL-CLA$c20181231$lBLL01$h1555
=CAT  \\$aR1911-0245$c20191127$lBLL01$h0823
=CAT  \\$aR1911-0245$c20191127$lBLL01$h1045
=CAT  \\$aIPL-CLA$c20191231$lBLL01$h2042
=CAT  \\$a12654$b40$c20211026$lBLL01$h0927
=CAT  \\$aIPL-CLA$c20211231$lBLL01$h1547
=CAT  \\$aDEL-3PM$c20220105$lBLL01$h1525
=CAT  \\$a10806$b40$c20220128$lBLL01$h1101
=CAT  \\$a10806$b40$c20220128$lBLL01$h1105
=CAT  \\$a10806$b40$c20220128$lBLL01$h1107
=CAT  \\$aBATCH-CLA$b00$c20221221$lBLL01$h1932
=CAT  \\$aIPL-CLA$c20221231$lBLL01$h1454
=CFI  0\$aCurrent Copyright Fee: GBP25.00$c0$e01-jan-2023$fGBP25.00$g0$hA$5Uk
=CFI  2\$aPrevious Copyright Fee: GBP22.50$c0$e01-jan-2022$fGBP22.50$g0$hA$5Uk
=FIN  \\$aY$d20160624
=MNI  \\$a2379-6154
=TOC  \\$aETOC
=UNO  \\$aY
=ACF  \\$aPrevious copyright fee: GBP24.00$c35\0$e04-mar-2016$fGBP24.00$g0$hP$5Uk
=ACF  \\$aPrevious copyright fee: GBP28.00$c35\0$e01-jan-2019$fGBP28.00$g0$hP$5Uk
=ACF  \\$aPrevious Copyright Fee: GBP32.00$c35\0$e01-jan-2020$fGBP32.00$g0$hP$5Uk
=LAS  \\$aIPL-CLA$b00$c20221231$lBLL01$h1454

