=LDR  02413cas a2200589 i 4500
=001  016222403
=003  Uk
=005  20210419130545.0
=006  m\\\\\\\\d\|\\\\\\
=007  cr||||||||||||
=008  121203c20129999enkfr\p\o\\\\\0\\\a0eng\\
=FMT  \\$a  SE
=015  \\$aGBC158795$2bnb
=022  0\$a2051-8242$202
=040  \\$aUk$beng$cUk$erda
=042  \\$aissnuk$aukblsr
=082  04$a942.81$223
=130  0\$aForum (Council for British Archaeology. Yorkshire Group)
=222  \0$aForum$b(Council for British Archaeology. Yorkshire Group. Online)
=245  10$aForum :$bthe journal of Council for British Archaeology Yorkshire.
=246  13$aForum plus
=246  13$aForum Yorkshire
=246  13$aForum Yorkshire journal
=264  \1$a[York] :$bCouncil for British Archaeology Yorkshire
=300  \\$billustrations (colour)
=310  \\$aSemiannual
=336  \\$atext$2rdacontent
=337  \\$acomputer$2rdamedia
=338  \\$aonline resource$2rdacarrier
=362  0\$aVolume 1 (2012)-
=500  \\$aTitle from PDF cover (CBA Yorkshire website, viewed April 19, 2021).
=515  \\$aFirst issue also numbered as: New series volume 1 (2012).
=500  \\$aDuring the Covid pandemic, interim issues with their own designation and entitled: Forum plus were published beginning with volume 1 (2020).
=588  \\$aLatest issue consulted: volume 8 (2019) (viewed April 19, 2021).
=650  \0$aArchaeology$zEngland$zYorkshire$vPeriodicals.
=710  2\$aCouncil for British Archaeology.$bYorkshire Group,$eissuing body.
=776  08$iAlso issued in print as:$tForum (Council for British Archaeology. Yorkshire Group)$x2051-8234
=859  \\$aELD$bejournal
=856  40$uhttp://www.cba-yorkshire.org.uk/forum
=852  41$aBritish Library$bHMNTS$jZK.9.b.33569$3Vol.1(2012) -V.2(2013)
=852  41$aBritish Library$bHMNTS$jELD Digital store$3Volume 8(2019)-
=CAT  \\$a10973$b40$c20121203$lBLL01$h1027
=CAT  \\$a10973$b40$c20121204$lBLL01$h1506
=CAT  \\$a10973$b40$c20121204$lBLL01$h1539
=CAT  \\$a5997$b40$c20130315$lBLL01$h1436
=CAT  \\$a5997$b40$c20130320$lBLL01$h0834
=CAT  \\$a11313$b40$c20160726$lBLL01$h1420
=CAT  \\$a8483$b40$c20210419$lBLL01$h1256
=CAT  \\$a8483$b40$c20210419$lBLL01$h1305
=FIN  \\$aY$d20130320
=LET  \0$aForum : the archaeological forum journal (Electronic)
=LAS  \\$a8483$b40$c20210419$lBLL01$h1305

