=LDR  02661cas a2200649 i 4500
=001  016625667
=003  Uk
=005  20141229105956.0
=006  m\\\\\|\\d\|\\\\\\
=007  cr\|||||||||||
=008  081017c200u9999enkqr\p\o\\\\\0\\\a0eng\\
=FMT  \\$a  SE
=015  \\$aGBB415192$2bnb
=022  0\$a2057-5602$y1759-1570$202
=037  \\$aSSCA19$bBusiness Monitor International
=040  \\$aUk$beng$cUk$dUk$erda
=042  \\$aukblsr$aissnuk
=082  04$a338.1097105$223
=222  \0$aCanada agribusiness report$b(Online)
=245  00$aCanada agribusiness report :$bincludes 5-year forecasts to ...
=264  \1$aLondon, United Kingdom :$bBusiness Monitor International
=300  \\$billustrations (black and white).
=310  \\$aQuarterly
=336  \\$atext$2rdacontent
=337  \\$acomputer$2rdamedia
=338  \\$aonline resource$2rdacarrier
=490  0\$aIndustry report & forecasts series
=588  \\$aDescription based on: 2013/Q1.
=588  \\$aLatest issue consulted: 2014/Q2.
=540  \\$aCurrent Copyright Fee: GBP100.00$c0$5Uk
=650  \0$aAgricultural industries$zCanada$vPeriodicals.
=650  \0$aAgricultural industries$zCanada$xForecasting$vPeriodicals.
=650  \0$aMarket surveys$zCanada$vPeriodicals.
=690  7\$aManagement and Business Studies$2blcoll
=710  2\$aBusiness Monitor International,$eissuing body.
=776  08$iPrint version, -<2012>:$tCanada agribusiness report$x1759-1570
=856  4\$uwww.businessmonitor.com$zTo subscribe
=859  \\$aELD$bejournal
=852  41$aBritish Library$bSTI$cBIPC$k(P)$h338.1$m-E(1)Business$32011-2012
=852  41$aBritish Library$bSTI$cBIPC$jELD Digital store$3Quarter 1(2013)-***Previous issues available in print copy
=CAT  \\$aWR13_103$c20140211$lBLL01$h1600
=CAT  \\$aBATCH-CLA$b00$c20140228$lBLL01$h1619
=CAT  \\$aIPL-CLA$c20140331$lBLL01$h1643
=CAT  \\$aWR14.047$c20140417$lBLL01$h1647
=CAT  \\$aWRBMI_003$c20140525$lBLL01$h1533
=CAT  \\$aWR14_114$c20140818$lBLL01$h1743
=CAT  \\$a11316$b40$c20141222$lBLL01$h1345
=CAT  \\$a11316$b40$c20141229$lBLL01$h1059
=CAT  \\$aWR15_120$c20150910$lBLL01$h1828
=CAT  \\$aW1711-1005$c20171206$lBLL01$h1826
=CFI  0\$aCurrent Copyright Fee: GBP100.00$c0$e01-apr-2014$fGBP100.00$g0$hC$5Uk
=CFI  2\$aPrevious Copyright Fee: GBP12.00$c0$e01-oct-2013$fGBP12.00$g0$hC$5Uk
=FIN  \\$aY$d20140208
=LET  \0$aCanada agribusiness report (Electronic)
=LKR  \\$aPAR$b014780629$lBLL01$nCanada agribusiness report (Print)$mCanada agribusiness report (Online)$r776
=MNI  \\$a1759-1570
=LAS  \\$aW1711-1005$b00$c20171206$lBLL01$h1826

