=LDR  02841cas a2200697 i 4500
=001  016625652
=003  Uk
=005  20150814095926.0
=006  m\\\\\|\\d\|\\\\\\
=007  cr\|||||||||||
=008  050920c20059999enkar\p\o\\\\\0\\\a0eng\\
=FMT  \\$a  SE
=015  \\$aGBB415177$2bnb
=022  0\$a2396-7005$y1749-2572$202
=037  \\$aSSAR05$bBusiness Monitor International
=040  \\$aUk$beng$cUk$dUk$erda
=042  \\$aukblsr$aissnuk
=082  04$a338.476410982$223
=222  \0$aArgentina food & drink report$b(Online)
=245  00$aArgentina food & drink report :$bincluding 4-year industry forecasts by BMI.
=246  3\$aArgentina food and drink report
=260  \\$aLondon :$bBusiness Monitor International,$c[2005]-
=300  \\$billustrations (black and white).
=310  \\$aAnnual,$b2007-
=321  \\$aQuarterly
=336  \\$atext$2rdacontent
=337  \\$acomputer$2rdamedia
=338  \\$aonline resource$2rdacarrier
=362  1\$aPrint began with 2005/Q2.
=490  0\$aIndustry report & forecasts series
=500  \\$aSubtitle varies.
=588  \\$aDescription based on print version record.
=588  \\$aLatest issue consulted: 2014.
=540  \\$aCurrent Copyright Fee: GBP100.00$c0$5Uk
=650  \0$aFood industry and trade$zArgentina$vPeriodicals.
=650  \0$aFood industry and trade$zArgentina$xForecasting$vPeriodicals.
=650  \0$aMarket surveys$zArgentina$vPeriodicals.
=690  7\$aManagement and Business Studies$2blcoll
=710  2\$aBusiness Monitor International,$eissuing body.
=776  08$iPrint version, 2005-<2012>:$tArgentina food & drink report$x1749-2572
=856  4\$uwww.bmiresearch.com$zTo subscribe
=856  4\$uwww.businessmonitor.com
=859  \\$aELD$bejournal
=852  41$aBritish Library$bSTI$cBIPC$k(P)$h338.19$m-E(1)Business$32006-2012
=852  41$aBritish Library$bSTI$cBIPC$jELD Digital store$3(2014)-***Previous issues available in print copy
=CAT  \\$aWR13_103$c20140211$lBLL01$h1600
=CAT  \\$aBATCH-CLA$b00$c20140228$lBLL01$h1619
=CAT  \\$aIPL-CLA$c20140331$lBLL01$h1643
=CAT  \\$aWR14.047$c20140417$lBLL01$h1647
=CAT  \\$aWRBMI_003$c20140525$lBLL01$h1533
=CAT  \\$aWR14_114$c20140818$lBLL01$h1743
=CAT  \\$a11316$b40$c20150814$lBLL01$h0959
=CAT  \\$aWR15_120$c20150910$lBLL01$h1828
=CAT  \\$aW1711-1005$c20171206$lBLL01$h1826
=CFI  0\$aCurrent Copyright Fee: GBP100.00$c0$e01-apr-2014$fGBP100.00$g0$hC$5Uk
=CFI  2\$aPrevious Copyright Fee: GBP12.00$c0$e01-oct-2013$fGBP12.00$g0$hC$5Uk
=FIN  \\$aY$d20140208
=LET  \0$aArgentina food & drink report (Electronic)
=LKR  \\$aPAR$b013295654$lBLL01$nArgentina food & drink report (Print)$mArgentina food & drink report (Online)$r776
=MNI  \\$a1749-2572
=LAS  \\$aW1711-1005$b00$c20171206$lBLL01$h1826

